@inproceedings{arcaini2014modeling,
  title={Modeling and analyzing using ASMs: the Landing Gear System case study},
  author={Arcaini, Paolo and Gargantini, Angelo and Riccobene, Elvinia},
  booktitle={International Conference on Abstract State Machines, Alloy, B, TLA, VDM, and Z},
  pages={36--51},
  year={2014},
  organization={Springer}
}

@inproceedings{tschannen2011usable,
  title={Usable verification of object-oriented programs by combining static and dynamic techniques},
  author={Tschannen, Julian and Furia, Carlo A and Nordio, Martin and Meyer, Bertrand},
  booktitle={International Conference on Software Engineering and Formal Methods},
  pages={382--398},
  year={2011},
  organization={Springer}
}

@misc{codecontracts,
  author={Microsoft},
  title={Code csontracts for .net},
  year= {2015},
  howpublished={\url{https://visualstudiogallery.msdn.microsoft.com/1ec7db13-3363-46c9-851f-1ce455f66970}}
}

@article{leino2008boogie,
  title={This is boogie 2},
  author={Leino, K Rustan M},
  journal={Manuscript KRML},
  volume={178},
  pages={131},
  year={2008}
}

@article{jackson2014topsy,
  title={Topsy-turvy requirements},
  author={Jackson, Michael},
  journal={Requirements Engineering},
  volume={19},
  number={1},
  pages={107--111},
  year={2014},
  publisher={Springer}
}

@article{knuth1984literate,
  title={Literate programming},
  author={Knuth, Donald Ervin},
  journal={The Computer Journal},
  volume={27},
  number={2},
  pages={97--111},
  year={1984},
  publisher={Br Computer Soc}
}

@inproceedings{petre2013uml,
  title={UML in practice},
  author={Petre, Marian},
  booktitle={Proceedings of the 2013 International Conference on Software Engineering},
  pages={722--731},
  year={2013},
  organization={IEEE Press}
}

@book{fowler2004uml,
  title={UML distilled: a brief guide to the standard object modeling language},
  author={Fowler, Martin},
  year={2004},
  publisher={Addison-Wesley Professional}
}

@article{meyer2014agile,
  title={Agile},
  author={Meyer, Bertrand},
  journal={The good, the Hype and the Ugly. Kappaleet},
  volume={4},
  year={2014},
  publisher={Springer}
}

@mastersthesis{goodspeed2016formal,
  title={Formal methods for secure software construction},
  author={Goodspeed, Ben},
  year={2016},
  school={Saint Mary?s University}
}

@book{jorgensen2016software,
  title={Software testing: a craftsman's approach},
  author={Jorgensen, Paul C},
  year={2016},
  publisher={CRC press}
}

@INPROCEEDINGS{anaumchev2016drivers, 
  author={A. Naumchev and B. Meyer}, 
  booktitle={2016 10th International Symposium on Theoretical Aspects of Software Engineering (TASE)}, 
  title={Complete Contracts through Specification Drivers}, 
  year={2016}, 
  pages={160-167}, 
  keywords={contracts;security of data;software engineering;complete contracts;design by contract;malicious implementations;software developers;specification drivers;Contracts;Electronic mail;Impedance;Software;Software engineering;Standards;Testing;AutoProof;Design by Contract;Eiffel;Hoare triple;abstract data type;complete contract;specification driver}, 
  doi={10.1109/TASE.2016.13}, 
  month={July},
}

@book{beck2003test,
  title={Test-driven development: by example},
  author={Beck, Kent},
  year={2003},
  publisher={Addison-Wesley Professional}
}



@book{meyer2009touch,
  title={Touch of Class: learning to program well with objects and contracts},
  author={Meyer, Bertrand},
  year={2009},
  publisher={Springer}
}

@article{jackson2002alloy,
  title={Alloy: a lightweight object modelling notation},
  author={Jackson, Daniel},
  journal={ACM Transactions on Software Engineering and Methodology (TOSEM)},
  volume={11},
  number={2},
  pages={256--290},
  year={2002},
  publisher={ACM}
}


@inproceedings{baader2003basic,
  title={Basic description logics.},
  author={Baader, Franz and Nutt, Werner},
  booktitle={Description logic handbook},
  pages={43--95},
  year={2003}
}

@incollection{van2004object,
  title={From object orientation to goal orientation: A paradigm shift for requirements engineering},
  author={Van Lamsweerde, Axel and Letier, Emmanuel},
  booktitle={Radical Innovations of Software and Systems Engineering in the Future},
  pages={325--340},
  year={2004},
  publisher={Springer}
}
@inproceedings{van2001goal,
  title={Goal-oriented requirements engineering: A guided tour},
  author={Van Lamsweerde, Axel},
  booktitle={Requirements Engineering, 2001. Proceedings. Fifth IEEE International Symposium on},
  pages={249--262},
  year={2001},
  organization={IEEE}
}

@article{breauxeddy,
  title={Eddy, a formal language for specifying and analyzing data flow specifications for conflicting privacy requirements},
  author={Breaux, Travis D and Hibshi, Hanan and Rao, Ashwini},
  journal={Requirements Engineering},
  pages={1--27},
  publisher={Springer}
}

@article{van2009worlds,
  title={From worlds to machines},
  author={Van Lamsweerde, Axel and others},
  journal={A Tribute to Michael Jackson},
  year={2009}
}

@article{lapouchnian2005goal,
  title={Goal-oriented requirements engineering: An overview of the current research},
  author={Lapouchnian, Alexei},
  journal={University of Toronto},
  year={2005}
}

@incollection{Meyer13Multi,
    author={Bertrand Meyer},
    title={Multirequirements},
    booktitle={Modelling and Quality in Requirements Engineering (Martin Glinz Festscrhift)},
    editor={Norbert Seyff and Anne Koziolek},
    publisher={MV Wissenschaft},
    year = {2013},
}

@book{seyff2012modelling,
    title={Modelling and Quality in Requirements Engineering: Essays Dedicated to Martin Glinz on the Occasion of His 60th Birthday},
    author={Seyff, N. and Glinz, M. and Koziolek, A.},
    isbn={9783869917245},
    series={MV Wissenschaft},
    url={http://books.google.ru/books?id=GJTMmAEACAAJ},
    year={2012},
    publisher={Monsenstein und Vannerdat}
}

@book{walden1995seamless,
  title={Seamless object-oriented software architecture},
  author={Wald{\'e}n, Kim and Nerson, Jean Marc},
  year={1995},
  publisher={Prentice-Hall}
}

@inproceedings{jackson1995world,
  title={The world and the machine},
  author={Jackson, Michael},
  booktitle={Software Engineering, 1995. ICSE 1995. 17th International Conference on},
  pages={283--283},
  year={1995},
  organization={IEEE}
}

@incollection{polikarpova2010specifying,
  title={Specifying reusable components},
  author={Polikarpova, Nadia and Furia, Carlo A and Meyer, Bertrand},
  booktitle={Verified Software: Theories, Tools, Experiments},
  pages={127--141},
  year={2010},
  publisher={Springer}
}

@article{van2009requirements,
  title={Requirements engineering: from system goals to UML models to software specifications},
  author={Van Lamsweerde, Axel and others},
  year={2009}
}

@article{harel1987statecharts,
  title={Statecharts: A visual formalism for complex systems},
  author={Harel, David},
  journal={Science of computer programming},
  volume={8},
  number={3},
  pages={231--274},
  year={1987},
  publisher={Elsevier}
}


@incollection{meyer1993formalism,
  title={On formalism in specifications},
  author={Meyer, Bertrand},
  booktitle={Program Verification},
  pages={155--189},
  year={1993},
  publisher={Springer}
}

@inproceedings{paige2001single,
  title={The single model principle},
  author={Paige, Richard and Ostroff, Jonathan},
  booktitle={2013 21st IEEE International Requirements Engineering Conference (RE)},
  pages={0292--0292},
  year={2001},
  organization={IEEE Computer Society}
}

@book{parnas1992tabular,
  title={Tabular representation of relations},
  author={Parnas, David Lorge},
  year={1992},
  publisher={Citeseer}
}

@article{davies1996using,
  title={Using Z: Specification, refinement and proof},
  author={Davies, Jim and Woodcock, Jim},
  journal={P rentice H all},
  volume={1},
  pages={996},
  year={1996}
}

@article{nuseibeh1994framework,
  title={A framework for expressing the relationships between multiple views in requirements specification},
  author={Nuseibeh, Bashar and Kramer, Jeff and Finkelstein, Anthony},
  journal={Software Engineering, IEEE Transactions on},
  volume={20},
  number={10},
  pages={760--773},
  year={1994},
  publisher={IEEE}
}

@book{rumbaugh1991object,
  title={Object-oriented modeling and design},
  author={Rumbaugh, James and Blaha, Michael and Premerlani, William and Eddy, Frederick and Lorensen, William E. and others},
  volume={199},
  number={1},
  year={1991},
  publisher={Prentice-hall Englewood Cliffs}
}

@article{dardenne1993goal,
  title={Goal-directed requirements acquisition},
  author={Dardenne, Anne and Van Lamsweerde, Axel and Fickas, Stephen},
  journal={Science of computer programming},
  volume={20},
  number={1},
  pages={3--50},
  year={1993},
  publisher={Elsevier}
}

@article{faulk1992core,
  title={The CoRE method for real-time requirements},
  author={Faulk, Stuart and Brackett, John and Ward, Paul and Kirby Jr, James},
  journal={Software, IEEE},
  volume={9},
  number={5},
  pages={22--33},
  year={1992},
  publisher={IEEE}
}

@misc{haxthausen1999lecture,
  title={Lecture Notes on The RAISE Development Method},
  author={Haxthausen, Anne},
  year={1999}
}

@article{garland1993larch,
  title={Larch: languages and tools for formal specification},
  author={Garland, Stephen J and Jones, Kevin D and Modet, A and Wing, Jeannette M},
  journal={Springer-Verlag Texts and Monographs in Computer Science},
  year={1993},
  publisher={Citeseer}
}

@book{Lano1995FOD,
 author = {Lano, Kevin},
 title = {Formal Object-Oriented Development},
 year = {1995},
 isbn = {3540199780},
 edition = {1st},
 publisher = {Springer-Verlag New York, Inc.},
 address = {Secaucus, NJ, USA},
}

@book{warmer2003object,
  title={The object constraint language: getting your models ready for MDA},
  author={Warmer, Jos B and Kleppe, Anneke G},
  year={2003},
  publisher={Addison-Wesley Professional}
}

@article{zave1996operations,
  title={Where do operations come from? A multiparadigm specification technique},
  author={Zave, Pamela and Jackson, Michael},
  journal={Software Engineering, IEEE Transactions on},
  volume={22},
  number={7},
  pages={508--528},
  year={1996},
  publisher={IEEE}
}

@book{Bass2012SAP,
 author = {Bass, Len and Clements, Paul and Kazman, Rick},
 title = {Software Architecture in Practice},
 year = {2012},
 isbn = {0321815734, 9780321815736},
 edition = {3rd},
 publisher = {Addison-Wesley Professional},
}

@article{curtis1992process,
  title={Process modeling},
  author={Curtis, Bill and Kellner, Marc I and Over, Jim},
  journal={Communications of the ACM},
  volume={35},
  number={9},
  pages={75--90},
  year={1992},
  publisher={ACM}
}

@incollection{niskier1989pluralistic,
  title={A pluralistic knowledge-based approach to software specification},
  author={Niskier, Celso and Maibaum, Tom and Schwabe, Daniel},
  booktitle={ESEC'89},
  pages={411--423},
  year={1989},
  publisher={Springer}
}

@inproceedings{dalianis1992method,
  title={A method for validating a conceptual model by natural language discourse generation},
  author={Dalianis, Hercules},
  booktitle={Advanced Information Systems Engineering},
  pages={425--444},
  year={1992},
  organization={Springer}
}

@article{swartout1983xplain,
  title={XPLAIN: A system for creating and explaining expert consulting programs},
  author={Swartout, William R},
  journal={Artificial intelligence},
  volume={21},
  number={3},
  pages={285--325},
  year={1983},
  publisher={Elsevier}
}

@article{gervasi2005reasoning,
  title={Reasoning about inconsistencies in natural language requirements},
  author={Gervasi, Vincenzo and Zowghi, Didar},
  journal={ACM Transactions on Software Engineering and Methodology (TOSEM)},
  volume={14},
  number={3},
  pages={277--330},
  year={2005},
  publisher={ACM}
}

@inproceedings{jackson1995deriving,
  title={Deriving specifications from requirements: an example},
  author={Jackson, Michael and Zave, Pamela},
  booktitle={Proceedings of the 17th international conference on Software engineering},
  pages={15--24},
  year={1995},
  organization={ACM}
}

@book{meyer1988object,
  title={Object-oriented software construction},
  author={Meyer, Bertrand},
  volume={2},
  year={1988},
  publisher={Prentice hall New York}
}

@article{hoare1969axiomatic,
  title={An axiomatic basis for computer programming},
  author={Hoare, Charles Antony Richard},
  journal={Communications of the ACM},
  volume={12},
  number={10},
  pages={576--580},
  year={1969},
  publisher={ACM}
}

@incollection{tschannen2012automatic,
  title={Automatic verification of advanced object-oriented features: The AutoProof approach},
  author={Tschannen, Julian and Furia, Carlo Alberto and Nordio, Martin and Meyer, Bertrand},
  booktitle={Tools for Practical Software Verification},
  pages={133--155},
  year={2012},
  publisher={Springer}
}

@phdthesis{polikarpova2014specified,
  title={Specified and verified reusable components},
  author={Polikarpova, Nadia},
  year={2014},
  school={Diss., Eidgen{\"o}ssische Technische Hochschule ETH Z{\"u}rich, Nr. 21939, 2014}
}

@book{abrial2010modeling,
  title={Modeling in Event-B: system and software engineering},
  author={Abrial, Jean-Raymond},
  year={2010},
  publisher={Cambridge University Press}
}

@phdthesis{nordio2009proofs,
  title={Proofs and proof transformations for object-oriented programs},
  author={Nordio, Dar{\'\i}o Mart{\'\i}n},
  year={2009},
  school={Citeseer}
}

@misc{anaumchev2015zoo,
  author={Alexandr Naumchev},
  title={Jackson-Zave zoo turnstile implementation.},
  year= {2015},
  howpublished={\url{https://github.com/anaumche/Zoo-Turnstile-Multirequirements}}
}

@article{gmehlich2012towards,
  author={Gmehlich, R and Grau, K and Jackson, M and Jones, C and Loesch, F and Mazzara, M},
  title={Towards a Formalism-Based Toolkit for Automotive Applications},
  year={2012}
}

@article{tschannen2015autoproof,
  title={AutoProof: Auto-active Functional Verification of Object-oriented Programs},
  author={Tschannen, Julian and Furia, Carlo A and Nordio, Martin and Polikarpova, Nadia},
  journal={arXiv preprint arXiv:1501.03063},
  year={2015}
}

@article{leveson1994requirements,
  title={Requirements specification for process-control systems},
  author={Leveson, Nancy G and Heimdahl, Mats Per Erik and Hildreth, Holly and Reese, Jon Damon},
  journal={Software Engineering, IEEE Transactions on},
  volume={20},
  number={9},
  pages={684--707},
  year={1994},
  publisher={IEEE}
}

@inproceedings{mery2011automatic,
  title={Automatic code generation from Event-B models},
  author={M{\'e}ry, Dominique and Singh, Neeraj Kumar},
  booktitle={Proceedings of the second symposium on information and communication technology},
  pages={179--188},
  year={2011},
  organization={ACM}
}

@inproceedings{rivera2014translating,
  author={V\'{i}ctor Rivera and N. Cata{\~n}o},
  title="Translating {Event-B} to {JML-Specified} {Java} programs",
  booktitle={29th ACM Symposium on Applied Computing, Software
                  Verification and Testing track (SAC-SVT)},
  year={2014},
  address={Gyeongju, Korea},
  month={March 24-28}
}

@book{jackson2001problem,
  title={Problem frames: analysing and structuring software development problems},
  author={Jackson, Michael},
  year={2001},
  publisher={Addison-Wesley}
}

@Inbook{anaumchev2015seamless,
    author="Naumchev, Alexandr and Meyer, Bertrand and Rivera, Victor",
    editor="Mazzara, Manuel and Voronkov, Andrei",
    title="Unifying Requirements and Code: An Example",
    bookTitle="Perspectives of System Informatics: 10th International Andrei Ershov Informatics Conference, PSI 2015, in Memory of Helmut Veith, Kazan and Innopolis, Russia, August 24-27, 2015, Revised Selected Papers",
    year="2016",
    publisher="Springer International Publishing",
    address="Cham",
    pages="233--244",
    isbn="978-3-319-41579-6",
    doi="10.1007/978-3-319-41579-6_18",
    url="http://dx.doi.org/10.1007/978-3-319-41579-6_18"
}


@misc{mssdl,
  author={Microsoft},
  title={Security Development Lifecycle},
  year= {2015},
  howpublished={\url{https://www.microsoft.com/en-us/sdl/}}
}

@article{meyer1988eiffel,
  title={Eiffel: A language and environment for software engineering},
  author={Meyer, Bertrand},
  journal={Journal of Systems and Software},
  volume={8},
  number={3},
  pages={199--246},
  year={1988},
  publisher={Elsevier}
}

@incollection{polikarpova2014flexible,
  title={Flexible invariants through semantic collaboration},
  author={Polikarpova, Nadia and Tschannen, Julian and Furia, Carlo A and Meyer, Bertrand},
  booktitle={FM 2014: Formal Methods},
  pages={514--530},
  year={2014},
  publisher={Springer}
}

@incollection{meyer2005dependent,
  title={The dependent delegate dilemma},
  author={Meyer, Bertrand},
  booktitle={Engineering Theories of Software Intensive Systems},
  pages={105--118},
  year={2005},
  publisher={Springer}
}

@incollection{polikarpova2015fully,
  title={A Fully Verified Container Library},
  author={Polikarpova, Nadia and Tschannen, Julian and Furia, Carlo A},
  booktitle={FM 2015: Formal Methods},
  pages={414--434},
  year={2015},
  publisher={Springer}
}

@incollection{meyer2014negative,
  title={Negative variables and the essence of object-oriented programming},
  author={Meyer, Bertrand and Kogtenkov, Alexander},
  booktitle={Specification, Algebra, and Software},
  pages={171--187},
  year={2014},
  publisher={Springer}
}

@article{nienaltowski2006contracts,
  title={Contracts for concurrency},
  author={Nienaltowski, Piotr and Meyer, Bertrand and Ostroff, Jonathan S},
  journal={Report-University of York Department of Computer Science YCS},
  volume={405},
  pages={27},
  year={2006},
  publisher={UNIVERSITY OF YORK}
}

@article{meyer1992applying,
  title={Applying'design by contract'},
  author={Meyer, Bertrand},
  journal={Computer},
  volume={25},
  number={10},
  pages={40--51},
  year={1992},
  publisher={IEEE}
}

@article{Meyer15TOP,
  author    = {Bertrand Meyer},
  title     = {Theory of Programs},
  journal   = {CoRR},
  volume    = {abs/1507.00723},
  year      = {2015},
  url       = {http://arxiv.org/abs/1507.00723},
  timestamp = {Sun, 02 Aug 2015 18:42:02 +0200},
  biburl    = {http://dblp.uni-trier.de/rec/bib/journals/corr/Meyer15},
  bibsource = {dblp computer science bibliography, http://dblp.org}
}

@article{leavens2006preliminary,
  title={Preliminary design of JML: A behavioral interface specification language for Java},
  author={Leavens, Gary T and Baker, Albert L and Ruby, Clyde},
  journal={ACM SIGSOFT Software Engineering Notes},
  volume={31},
  number={3},
  pages={1--38},
  year={2006},
  publisher={ACM}
}


@article{liskov1975specification,
  title={Specification techniques for data abstractions},
  author={Liskov, Barbara H and Zilles, Stephen},
  journal={Software Engineering, IEEE Transactions on},
  number={1},
  pages={7--19},
  year={1975},
  publisher={IEEE}
}

@article{guttag1977abstract,
  title={Abstract data types and the development of data structures},
  author={Guttag, John},
  journal={Communications of the ACM},
  volume={20},
  number={6},
  pages={396--404},
  year={1977},
  publisher={ACM}
}

@article{dijkstra1968letters,
  title={Letters to the editor: go to statement considered harmful},
  author={Dijkstra, Edsger W},
  journal={Communications of the ACM},
  volume={11},
  number={3},
  pages={147--148},
  year={1968},
  publisher={ACM},
  annote = "This is an excellent article."
}


@incollection{schoeller2006making,
  title={Making specifications complete through models},
  author={Schoeller, Bernd and Widmer, Tobias and Meyer, Bertrand},
  booktitle={Architecting Systems with Trustworthy Components},
  pages={48--70},
  year={2006},
  publisher={Springer}
}

@article{blizard1989multiset,
  title={Multiset theory},
  author={Blizard, Wayne D. and others},
  journal={Notre Dame Journal of formal logic},
  volume={30},
  number={1},
  pages={36--66},
  year={1989}
}

@book{dummit1991abstract,
  title={Abstract algebra},
  author={Dummit, David Steven and Foote, Richard M},
  volume={1999},
  year={1991},
  publisher={Prentice Hall Englewood Cliffs}
}

@book{hoare2002proof,
  title={Proof of correctness of data representations},
  author={Hoare, Charles Antony Richard},
  year={2002},
  publisher={Springer}
}

@inproceedings{meyer2003framework,
  title={A framework for proving contract-equipped classes},
  author={Meyer, Bertrand},
  booktitle={Abstract State Machines 2003},
  pages={108--125},
  year={2003},
  organization={Springer}
}

@article{guttag1978algebraic,
  title={The algebraic specification of abstract data types},
  author={Guttag, John V. and Horning, James J.},
  journal={Acta informatica},
  volume={10},
  number={1},
  pages={27--52},
  year={1978},
  publisher={Springer}
}

%\bibitem{BoyapatiLiskovShriraMohRichman03} C.~Boyapati, B.~Liskov, L.~Shrira, C.~H.~Moh, S.~Richman, \emph{Lazy Modular Upgrades in Persistent Object Stores}, OOPSLA 2003.
%\bibitem{FranconiGrandiMandreoli01} E.~Franconi, F.~Grandi, F.~Mandreoli: \emph{Schema Evolution and Versioning: a Logical and Computational Characterization}, FMLDO, Springer LNCS vol. 2065, 2001, pp. 85-99.
%%\bibitem{Meyer92} B.~Meyer: \emph{Eiffel: The Language.} Prentice Hall 1992.
%%\bibitem{RibetAdrianZendraColnet04} P.~Ribet, C.~Adrian, O.~Zendra, D.~Colnet: \emph{Conformance of agents in the Eiffel language}, JOT (Journal of Object Technology), vol. 3, no. 4, April 2004, pp. 125-143.
%%\bibitem{eiffelstudio} EiffelStudio IDE: http://www.eiffelsoftware.com/\\products/studio/index.html (last visited: 15/5/09)
%%\bibitem{escher} ESCHER: http://escher.origo.ethz.ch/wiki/escher (last visited: 15/5/09)
%%\bibitem{eve} EVE project: http://eve.origo.ethz.ch/
%%\bibitem{escherlib} https://svn.origo.ethz.ch/escher/\\schema evolution tool/serializer\_lib
% %\bibitem{escherTut} http://escher.origo.ethz.ch/wiki/\\escher\_eiffelstudio\_tool\_tutorial
%%\bibitem{AdvaniHassounCounsell05} D.~Advani, Y.~Hassoun, S.~Counsell: \emph{Refactoring trends across N versions of N Java open source systems: an empirical study.} Technical Report BBKCS-05-02, Birkbeck College, School of Computer Science and Information Systems, 2005.
%\bibitem{AdvaniHassounCounsell06} D.~Advani, Y.~Hassoun, S.~Counsell: \emph{Extracting refactoring trends from open-source software and a possible solution to the 'related refactoring' conundrum.} Proceedings of the 2006 ACM Symposium on Applied Computing (SAC).
%\bibitem{SchemaEvolData} Schema evolution experimental data:\\
% http://se.inf.ethz.ch/people/piccioni/papers/data/\\SchEvJavaData.xls (last visited: 15/5/09)

%%\bibitem{GoslingJoySteelBracha05} J.~Gosling, B.~Joy, G.~Steel and G.~Bracha: \emph{ The Java Language Specification.} 3rd Ed. Addison Wesley 2005.
%%\bibitem{Atkinson78} M.~P.~Atkinson: \emph{ Programming languages and Databases.} VLDB Journal, pp. 408-419, 1978.
%%\bibitem {AtkinsonBaileyChisholm83} Atkinson, M.P., Bailey, P.J., Chisholm, K., Cockshott, W.P., Morrison, R.: An approach to persistent programming. Comput. J. 26 (1983) 360?1?75
%%\bibitem{AtkinsonMorrison95} M.~P.~Atkinson, R.~Morrison R.: \emph{Orthogonally Persistent Object Systems.} VLDB Journal, 4(3), pp.319-401, 1995.
%%\bibitem {AtkinsonDaynesJordan96} Atkinson, M.P., Daynes, L., Jordan, M.J., Printezis, T., Spence, S.: An orthogonally persistent Java. SIGMOD Record 25 (1996) 68?1?7
%\bibitem{AtkinsonJordan00} M.~P.~Atkinson, M.~Jordan: \emph{A Review of the Rationale and Architectures of PJama: a Durable, Flexible, Evolvable and Scalable Orthogonally Persistent Programming Platform.} Sun Microsystems Laboratories Technical Report, SMLI TR-2000-90, 2000.

%\bibitem{Jordan04} M.~Jordan,\emph{ A Comparative Study of Persistence Mechanisms for the Java Platform},
%http://research.sun.com/techrep/2004 (last visited: 15/5/09)
%%\bibitem{python} http://www.python.org/
%%\bibitem{zodb} http://www.zope.org/Products/StandaloneZODB
%\bibitem{MonkSommerville93} S.~Monk, I.~Sommerville:\emph{ Schema Evolution in OODBs Using Class Versioning.} ACM SIGMOD Rec., Vol. 22, Issue 3, September 1993, pp. 16-22.
%%\bibitem{MonkSommerville92} S.~Monk, I.~Sommerville:  \emph{A Model for Versioning of Classes in Object-Oriented Databases.} Proceedings of British National Conference on Databases (BNCOD), 1992.
%\bibitem{Fowler99}M.~Fowler, \emph{Refactoring (Improving the Design of Existing Code).} Addison Wesley, 1999.
%\bibitem{NeamtiuHicksStoyleOriol06} I.~Neamtiu, M.~Hicks, G.~Stoyle and M.~Oriol:  \emph{Practical Dynamic Software Updating for C.} PLDI, pp. 72-83. ACM Press, Ottawa,
%Canada, 2006.
%\bibitem{BiermanParkinsonNoble08} G.~Bierman, M.~Parkinson and J.~Noble \emph{UpgradeJ: Incremental Typechecking for Class Upgrades.} ECOOP 2008: 235-259.
%\bibitem{DigManzoorJohnsonNguyen07}D.~Dig, K.~Manzoor, R.~Johnson and T.~N.~Nguyen:\emph{ Refactoring-Aware Configuration Management for Object-Oriented Programs}, ICSE 2007
%%\bibitem{DigNegaraMohindraJohnson08}D.~Dig, S.~Negara, V.~Mohindra and R.~Johnson: \emph{ReBA: a tool for generating binary adapters for evolving Java libraries}, ICSE Companion '08.
